%% This BibTeX bibliography file was created using BibDesk.
%% http://bibdesk.sourceforge.net/

%% Created for Thomas Lemqvist at 2016-12-08 11:20:41 +0100 


%% Saved with string encoding Unicode (UTF-8) 



@misc{vpcanvas,
	Author = {Strategyzer},
	Date-Added = {2016-12-08 10:17:26 +0000},
	Date-Modified = {2016-12-08 10:18:44 +0000},
	Howpublished = {\\\url{https://youtu.be/aN36EcTE54Q}},
	Month = {jul.},
	Title = {Value Proposition Canvas Explained},
	Year = {2014}}

@misc{bcanvas,
	Author = {Strategyzer},
	Date-Added = {2016-12-08 10:16:42 +0000},
	Date-Modified = {2016-12-08 10:17:23 +0000},
	Howpublished = {\\\url{https://youtu.be/QoAOzMTLP5s}},
	Month = {Sep.},
	Title = {Business Model Canvas Explained},
	Year = {2011}}

@misc{skat,
	Date-Added = {2016-12-07 13:53:22 +0000},
	Date-Modified = {2016-12-07 13:54:31 +0000},
	Howpublished = {\\\url{https://tax.dk/skat/skat_virksomhedsformer.htm}},
	Title = {SKAT - Virksomheds Former}}

@misc{oauth,
	Date-Added = {2016-12-07 13:08:46 +0000},
	Date-Modified = {2016-12-07 13:09:13 +0000},
	Howpublished = {\\\url{https://oauth.net/about/}},
	Title = {Single Sign On (SSO) - OAuth}}

@misc{adsense,
	Date-Added = {2016-12-07 12:40:11 +0000},
	Date-Modified = {2016-12-07 12:42:09 +0000},
	Howpublished = {\\\url{https://www.google.com/adsense/start/how-it-works/}},
	Title = {Google adsense - how it works}}

@misc{torres,
	Author = {Magda Alexandra Torres},
	Date-Added = {2016-12-07 12:00:33 +0000},
	Date-Modified = {2016-12-07 12:42:30 +0000},
	Howpublished = {\\\url{http://thinkapps.com/blog/post-launch/paid-vs-freemium-app-monetization-statistics/}},
	Title = {App Monetizaton Statistics: Freemium vs Premium vs Paymium},
	Year = {2014}}

@misc{kumar,
	Author = {Kumar Vineet},
	Date-Added = {2016-12-07 11:58:34 +0000},
	Date-Modified = {2016-12-07 12:42:35 +0000},
	Howpublished = {\\\url{https://hbr.org/2014/05/making-freemium-work}},
	Title = {Making Freemium Work},
	Year = {2014}}
